<?xml version="1.0" encoding="utf-8"?>
<record xmlns="http://www.loc.gov/MARC21/slim" xmlns:xsi="http://www.w3.org/2001/XMLSchema-instance" xsi:schemaLocation="http://www.loc.gov/MARC21/slim http://www.loc.gov/standards/marcxml/schema/MARC21slim.xsd">
	<leader>     nam a22        4500</leader>
	<controlfield tag="001">2988152</controlfield>
	<controlfield tag="003">NNC</controlfield>
	<controlfield tag="006">m        d        </controlfield>
	<controlfield tag="007">cr cn |||m|||a</controlfield>
	<controlfield tag="008">170815s1894    xx      o     000 0 ara d</controlfield>
	<datafield ind1=" " ind2=" " tag="040">
		<subfield code="a">NNU</subfield>
		<subfield code="b">eng</subfield>
		<subfield code="e">rda</subfield>
		<subfield code="c">NNU</subfield>
	</datafield>
	<datafield ind1=" " ind2=" " tag="066">
		<subfield code="c">(3</subfield>
	</datafield>
	<datafield ind1="1" ind2="4" tag="050">
		<subfield code="a">BP75</subfield>
		<subfield code="b">.I93</subfield>
	</datafield>
	<datafield ind1="0" ind2=" " tag="100">
		<subfield code="6">880-01</subfield>
		<subfield code="a">ʻIyāḍ ibn Mūsá,</subfield>
		<subfield code="d">1083-1149.</subfield>
	</datafield>
	<datafield ind1="1" ind2="0" tag="245">
		<subfield code="6">880-02</subfield>
		<subfield code="a">Kitāb al-Shifāʼ bi-taʻrīf huqūq al-Mustafā.</subfield>
	</datafield>
	<datafield ind1="3" ind2="0" tag="246">
		<subfield code="6">880-03</subfield>
		<subfield code="a">Shifā bi-taʻrīf huqūq al-Muṣṭafā</subfield>
	</datafield>
	<datafield ind1=" " ind2=" " tag="260">
		<subfield code="a">[Der-Saʻādet],</subfield>
		<subfield code="b">[Matbaʻa-i ʻOsmānīye],</subfield>
		<subfield code="c">[1312, 1894]</subfield>
	</datafield>
	<datafield ind1=" " ind2=" " tag="300">
		<subfield code="a">online resource (296 pages)</subfield>
	</datafield>
	<datafield ind1=" " ind2=" " tag="336">
		<subfield code="a">text</subfield>
		<subfield code="2">rdacontent</subfield>
	</datafield>
	<datafield ind1=" " ind2=" " tag="337">
		<subfield code="a">computer</subfield>
		<subfield code="2">rdamedia</subfield>
	</datafield>
	<datafield ind1=" " ind2=" " tag="338">
		<subfield code="a">online resource</subfield>
		<subfield code="2">rdacarrier</subfield>
	</datafield>
	<datafield ind1=" " ind2=" " tag="500">
		<subfield code="a">Part of the Arabic Collections Online (ACO) project, contributed by Columbia University Libraries.</subfield>
	</datafield>
	<datafield ind1=" " ind2=" " tag="533">
		<subfield code="a">Electronic reproduction.</subfield>
		<subfield code="b">New York, N.Y. :</subfield>
		<subfield code="c">New York University,</subfield>
		<subfield code="d">2017.</subfield>
		<subfield code="5">NNU</subfield>
	</datafield>
	<datafield ind1="0" ind2="0" tag="600">
		<subfield code="a">Muḥammad,</subfield>
		<subfield code="c">Prophet,</subfield>
		<subfield code="d">-632.</subfield>
	</datafield>
	<datafield ind1="0" ind2="7" tag="600">
		<subfield code="a">Muḥammad,</subfield>
		<subfield code="c">Prophet,</subfield>
		<subfield code="d">-632</subfield>
		<subfield code="2">fast</subfield>
		<subfield code="0">(OCoLC)fst01836298</subfield>
	</datafield>
	<datafield ind1="2" ind2=" " tag="710">
		<subfield code="a">Columbia University.</subfield>
		<subfield code="b">Libraries.</subfield>
	</datafield>
	<datafield ind1="0" ind2=" " tag="730">
		<subfield code="a">Arabic Collections Online.</subfield>
	</datafield>
	<datafield ind1="0" ind2="8" tag="776">
		<subfield code="i">Print version:</subfield>
		<subfield code="a">ʻIyāḍ ibn Mūsá, 1083-1149.</subfield>
		<subfield code="t">Kitāb al-Shifāʼ bi-taʻrīf huqūq al-Mustafā</subfield>
		<subfield code="w">(NNC)2988152</subfield>
		<subfield code="w">(OCoLC)46344619</subfield>
	</datafield>
	<datafield ind1="4" ind2="0" tag="856">
		<subfield code="u">http://hdl.handle.net/2333.1/pk0p2t8v</subfield>
	</datafield>
	<datafield ind1="0" ind2=" " tag="880">
		<subfield code="6">100-01/(3/r</subfield>
		<subfield code="a">عياض بن موسى.</subfield>
	</datafield>
	<datafield ind1="1" ind2="0" tag="880">
		<subfield code="6">245-02/(3/r</subfield>
		<subfield code="a">كتاب الشفا بتعريف حقوق المصطفى /</subfield>
		<subfield code="c">للقاضي عياض.</subfield>
	</datafield>
	<datafield ind1="3" ind2="0" tag="880">
		<subfield code="6">246-03/(3/r</subfield>
		<subfield code="a">شفا بتعريف حقوق المصطفى</subfield>
	</datafield>
	<datafield ind1=" " ind2=" " tag="959">
		<subfield code="a">NNU</subfield>
		<subfield code="b">WEB</subfield>
		<subfield code="c">GENI</subfield>
		<subfield code="t">0</subfield>
		<subfield code="m">Electronic access</subfield>
		<subfield code="s">01</subfield>
	</datafield>
	<datafield ind1=" " ind2=" " tag="999">
		<subfield code="i">NNC_2988152</subfield>
		<subfield code="o">(OCoLC)ocm46344619</subfield>
		<subfield code="s">columbia_aco002443</subfield>
		<subfield code="e">(ERROR-880)</subfield>
	</datafield>
</record>
